<record><leader>00000cas a22000007a 4500</leader><controlfield tag="001">1567173</controlfield><controlfield tag="008">750824d19101984mnuwr ne      0    0eng d</controlfield><datafield ind1=" " ind2=" " tag="010"><subfield code="a">sn 91059127 </subfield></datafield><datafield ind1=" " ind2=" " tag="040"><subfield code="a">MUL</subfield><subfield code="b">eng</subfield><subfield code="c">MUL</subfield><subfield code="d">NSD</subfield><subfield code="d">MN#</subfield><subfield code="d">DLC</subfield><subfield code="d">OCLCQ</subfield></datafield><datafield ind1=" " ind2=" " tag="042"><subfield code="a">msc</subfield></datafield><datafield ind1=" " ind2=" " tag="043"><subfield code="a">n-us-mn</subfield></datafield><datafield ind1=" " ind2=" " tag="052"><subfield code="a">4144</subfield><subfield code="b">E13</subfield></datafield><datafield ind1=" " ind2=" " tag="052"><subfield code="a">4143</subfield><subfield code="b">T6</subfield></datafield><datafield ind1="0" ind2="4" tag="245"><subfield code="a">The Eagle Bend news.</subfield></datafield><datafield ind1="3" ind2="0" tag="246"><subfield code="a">Northern Todd review</subfield></datafield><datafield ind1=" " ind2=" " tag="260"><subfield code="a">Eagle Bend, Todd County, Minn. :</subfield><subfield code="b">Magnus Johnson,</subfield><subfield code="c">-1984.</subfield></datafield><datafield ind1=" " ind2=" " tag="300"><subfield code="a">v.</subfield></datafield><datafield ind1=" " ind2=" " tag="310"><subfield code="a">Weekly</subfield></datafield><datafield ind1="1" ind2=" " tag="362"><subfield code="a">Began in 1910?</subfield></datafield><datafield ind1="0" ind2=" " tag="362"><subfield code="a">-v. 93, no. 37 (Oct. 25, 1984).</subfield></datafield><datafield ind1=" " ind2=" " tag="500"><subfield code="a">Published as: Northern Todd review, Dec. 4, 1975-Mar. 18, 1976, published at Bertha, Minn, and Eagle Bend, Minn.</subfield></datafield><datafield ind1=" " ind2=" " tag="515"><subfield code="a">Publication suspended with issue for Sept. 30, 1943, due to wartime labor shortage; publication resumed with issue for Oct. 18, 1945.</subfield></datafield><datafield ind1=" " ind2=" " tag="530"><subfield code="a">Available on microfilm from the Minnesota Historical Society.</subfield></datafield><datafield ind1=" " ind2=" " tag="580"><subfield code="a">Merged with: Bertha herald, to form: Northern Todd review, Dec. 4, 1975-Mar. 18, 1976, then resumed publication as: Bertha herald, and: Eagle Bend news, with identical content. In 1984, merged with: Eagle Bend news, to form: The News herald (Eagle Bend, Minn.).</subfield></datafield><datafield ind1=" " ind2=" " tag="588"><subfield code="a">Description based on: Vol. 47, no. 32 (July 17, 1941).</subfield></datafield><datafield ind1=" " ind2="0" tag="651"><subfield code="a">Eagle Bend (Minn.)</subfield><subfield code="v">Newspapers.</subfield></datafield><datafield ind1=" " ind2=" " tag="752"><subfield code="a">United States</subfield><subfield code="b">Minnesota</subfield><subfield code="c">Todd</subfield><subfield code="d">Eagle Bend.</subfield></datafield><datafield ind1="0" ind2="0" tag="780"><subfield code="t">Todd County news</subfield><subfield code="w">(DLC)sn 91059448</subfield></datafield><datafield ind1="1" ind2="7" tag="785"><subfield code="t">Bertha herald</subfield><subfield code="w">(DLC)sn 91059346</subfield></datafield><datafield ind1="1" ind2="7" tag="785"><subfield code="t">News herald (Eagle Bend, Minn.)</subfield><subfield code="w">(DLC)sn 84002061</subfield></datafield></record>